@Manual{base,
title = {{R}: A Language and Environment for Statistical Computing},
  author = {{R Core Team}},
  organization = {R Foundation for Statistical Computing},
  address = {Vienna, Austria},
  year = {2023},
  url = {https://www.R-project.org/},
}
@Article{brms2017,
  title = {{brms}: An {R} Package for {Bayesian} Multilevel Models Using {Stan}},
  author = {Paul-Christian Bürkner},
  journal = {Journal of Statistical Software},
  year = {2017},
  volume = {80},
  number = {1},
  pages = {1--28},
  doi = {10.18637/jss.v080.i01},
  encoding = {UTF-8},
}

@Article{brms2018,
  title = {Advanced {Bayesian} Multilevel Modeling with the {R} Package {brms}},
  author = {Paul-Christian Bürkner},
  journal = {The R Journal},
  year = {2018},
  volume = {10},
  number = {1},
  pages = {395--411},
  doi = {10.32614/RJ-2018-017},
  encoding = {UTF-8},
}

@Article{brms2021,
  title = {Bayesian Item Response Modeling in {R} with {brms} and {Stan}},
  author = {Paul-Christian Bürkner},
  journal = {Journal of Statistical Software},
  year = {2021},
  volume = {100},
  number = {5},
  pages = {1--54},
  doi = {10.18637/jss.v100.i05},
  encoding = {UTF-8},
}
@Article{changepoint2014,
  title = {{changepoint}: An {R} Package for Changepoint Analysis},
  author = {Rebecca Killick and Idris A. Eckley},
  journal = {Journal of Statistical Software},
  year = {2014},
  volume = {58},
  number = {3},
  pages = {1--19},
  url = {https://www.jstatsoft.org/article/view/v058i03},
}

@Manual{changepoint2022,
  title = {{changepoint}: An {R} package for changepoint analysis},
  author = {Rebecca Killick and Kaylea Haynes and Idris A. Eckley},
  year = {2022},
  url = {https://CRAN.R-project.org/package=changepoint},
  note = {R package version 2.2.4},
}
@Manual{grateful,
title = {{grateful}: Facilitate citation of R packages},
  author = {Francisco Rodriguez-Sanchez and Connor P. Jackson},
  year = {2023},
  url = {https://pakillo.github.io/grateful/},
}
@Manual{knitr2023,
title = {{knitr}: A General-Purpose Package for Dynamic Report Generation in R},
  author = {Yihui Xie},
  year = {2023},
  note = {R package version 1.45},
  url = {https://yihui.org/knitr/},
}

@Book{knitr2015,
  title = {Dynamic Documents with {R} and knitr},
  author = {Yihui Xie},
  publisher = {Chapman and Hall/CRC},
  address = {Boca Raton, Florida},
  year = {2015},
  edition = {2nd},
  note = {ISBN 978-1498716963},
  url = {https://yihui.org/knitr/},
}

@InCollection{knitr2014,
  booktitle = {Implementing Reproducible Computational Research},
  editor = {Victoria Stodden and Friedrich Leisch and Roger D. Peng},
title = {{knitr}: A Comprehensive Tool for Reproducible Research in {R}},
  author = {Yihui Xie},
  publisher = {Chapman and Hall/CRC},
  year = {2014},
  note = {ISBN 978-1466561595},
}
@Manual{MetBrewer,
title = {{MetBrewer}: Color Palettes Inspired by Works at the Metropolitan Museum of
Art},
  author = {Blake Robert Mills},
  year = {2022},
  note = {R package version 0.2.0},
  url = {https://CRAN.R-project.org/package=MetBrewer},
}
@Manual{pakret,
title = {{pakret}: Cite `{R}' Packages on the Fly in `{R Markdown}' and `{Quarto}'},
  author = {Arnaud Gallou},
  year = {2024},
  note = {R package version 0.2.2},
  url = {https://CRAN.R-project.org/package=pakret},
}
@Manual{patchwork,
title = {{patchwork}: The Composer of Plots},
  author = {Thomas Lin Pedersen},
  year = {2024},
  note = {R package version 1.2.0},
  url = {https://CRAN.R-project.org/package=patchwork},
}
@Article{permuco,
  title = {Permutation Tests for Regression, {ANOVA}, and Comparison of Signals: The {permuco} Package},
  author = {Jaromil Frossard and Olivier Renaud},
  journal = {Journal of Statistical Software},
  year = {2021},
  volume = {99},
  number = {15},
  pages = {1--32},
  doi = {10.18637/jss.v099.i15},
}
@Manual{rmarkdown2024,
title = {{rmarkdown}: Dynamic Documents for R},
  author = {JJ Allaire and Yihui Xie and Christophe Dervieux and Jonathan McPherson and Javier Luraschi and Kevin Ushey and Aron Atkins and Hadley Wickham and Joe Cheng and Winston Chang and Richard Iannone},
  year = {2024},
  note = {R package version 2.29},
  url = {https://github.com/rstudio/rmarkdown},
}

@Book{rmarkdown2018,
  title = {R Markdown: The Definitive Guide},
  author = {Yihui Xie and J.J. Allaire and Garrett Grolemund},
  publisher = {Chapman and Hall/CRC},
  address = {Boca Raton, Florida},
  year = {2018},
  isbn = {9781138359338},
  url = {https://bookdown.org/yihui/rmarkdown},
}

@Book{rmarkdown2020,
  title = {R Markdown Cookbook},
  author = {Yihui Xie and Christophe Dervieux and Emily Riederer},
  publisher = {Chapman and Hall/CRC},
  address = {Boca Raton, Florida},
  year = {2020},
  isbn = {9780367563837},
  url = {https://bookdown.org/yihui/rmarkdown-cookbook},
}
@Manual{scales,
title = {{scales}: Scale Functions for Visualization},
  author = {Hadley Wickham and Thomas Lin Pedersen and Dana Seidel},
  year = {2023},
  note = {R package version 1.3.0},
  url = {https://CRAN.R-project.org/package=scales},
}
@Manual{scico,
title = {{scico}: Colour Palettes Based on the Scientific Colour-Maps},
  author = {Thomas Lin Pedersen and Fabio Crameri},
  year = {2023},
  note = {R package version 1.5.0},
  url = {https://CRAN.R-project.org/package=scico},
}
@Manual{tidybayes,
  title = {{tidybayes}: Tidy Data and Geoms for {Bayesian} Models},
  author = {Matthew Kay},
  year = {2023},
  note = {R package version 3.0.6},
  url = {http://mjskay.github.io/tidybayes/},
  doi = {10.5281/zenodo.1308151},
}
@Article{tidyverse,
  title = {Welcome to the {tidyverse}},
  author = {Hadley Wickham and Mara Averick and Jennifer Bryan and Winston Chang and Lucy D'Agostino McGowan and Romain François and Garrett Grolemund and Alex Hayes and Lionel Henry and Jim Hester and Max Kuhn and Thomas Lin Pedersen and Evan Miller and Stephan Milton Bache and Kirill Müller and Jeroen Ooms and David Robinson and Dana Paige Seidel and Vitalie Spinu and Kohske Takahashi and Davis Vaughan and Claus Wilke and Kara Woo and Hiroaki Yutani},
  year = {2019},
  journal = {Journal of Open Source Software},
  volume = {4},
  number = {43},
  pages = {1686},
  doi = {10.21105/joss.01686},
}
